%YAML 1.1
%TAG !u! tag:unity3d.com,2011:
--- !u!29 &1
OcclusionCullingSettings:
  m_ObjectHideFlags: 0
  serializedVersion: 2
  m_OcclusionBakeSettings:
    smallestOccluder: 5
    smallestHole: 0.25
    backfaceThreshold: 100
  m_SceneGUID: 00000000000000000000000000000000
  m_OcclusionCullingData: {fileID: 0}
--- !u!104 &2
RenderSettings:
  m_ObjectHideFlags: 0
  serializedVersion: 9
  m_Fog: 0
  m_FogColor: {r: 0.5, g: 0.5, b: 0.5, a: 1}
  m_FogMode: 3
  m_FogDensity: 0.01
  m_LinearFogStart: 0
  m_LinearFogEnd: 300
  m_AmbientSkyColor: {r: 0.212, g: 0.227, b: 0.259, a: 1}
  m_AmbientEquatorColor: {r: 0.114, g: 0.125, b: 0.133, a: 1}
  m_AmbientGroundColor: {r: 0.047, g: 0.043, b: 0.035, a: 1}
  m_AmbientIntensity: 2.4
  m_AmbientMode: 0
  m_SubtractiveShadowColor: {r: 0.42, g: 0.478, b: 0.627, a: 1}
  m_SkyboxMaterial: {fileID: 2100000, guid: 72deae4d18418f94688abef8e8483df0, type: 2}
  m_HaloStrength: 0.5
  m_FlareStrength: 1
  m_FlareFadeSpeed: 3
  m_HaloTexture: {fileID: 0}
  m_SpotCookie: {fileID: 10001, guid: 0000000000000000e000000000000000, type: 0}
  m_DefaultReflectionMode: 0
  m_DefaultReflectionResolution: 256
  m_ReflectionBounces: 3
  m_ReflectionIntensity: 1
  m_CustomReflection: {fileID: 0}
  m_Sun: {fileID: 0}
  m_IndirectSpecularColor: {r: 0, g: 0, b: 0, a: 1}
  m_UseRadianceAmbientProbe: 0
--- !u!157 &3
LightmapSettings:
  m_ObjectHideFlags: 0
  serializedVersion: 11
  m_GIWorkflowMode: 0
  m_GISettings:
    serializedVersion: 2
    m_BounceScale: 1
    m_IndirectOutputScale: 1
    m_AlbedoBoost: 1
    m_TemporalCoherenceThreshold: 1
    m_EnvironmentLightingMode: 0
    m_EnableBakedLightmaps: 1
    m_EnableRealtimeLightmaps: 1
  m_LightmapEditorSettings:
    serializedVersion: 10
    m_Resolution: 2
    m_BakeResolution: 40
    m_AtlasSize: 512
    m_AO: 1
    m_AOMaxDistance: 1
    m_CompAOExponent: 1
    m_CompAOExponentDirect: 0
    m_Padding: 2
    m_LightmapParameters: {fileID: 0}
    m_LightmapsBakeMode: 1
    m_TextureCompression: 1
    m_FinalGather: 0
    m_FinalGatherFiltering: 1
    m_FinalGatherRayCount: 256
    m_ReflectionCompression: 2
    m_MixedBakeMode: 1
    m_BakeBackend: 0
    m_PVRSampling: 1
    m_PVRDirectSampleCount: 32
    m_PVRSampleCount: 500
    m_PVRBounces: 2
    m_PVRFilterTypeDirect: 0
    m_PVRFilterTypeIndirect: 0
    m_PVRFilterTypeAO: 0
    m_PVRFilteringMode: 0
    m_PVRCulling: 1
    m_PVRFilteringGaussRadiusDirect: 1
    m_PVRFilteringGaussRadiusIndirect: 5
    m_PVRFilteringGaussRadiusAO: 2
    m_PVRFilteringAtrousPositionSigmaDirect: 0.5
    m_PVRFilteringAtrousPositionSigmaIndirect: 2
    m_PVRFilteringAtrousPositionSigmaAO: 1
    m_ShowResolutionOverlay: 1
  m_LightingDataAsset: {fileID: 0}
  m_UseShadowmask: 0
--- !u!196 &4
NavMeshSettings:
  serializedVersion: 2
  m_ObjectHideFlags: 0
  m_BuildSettings:
    serializedVersion: 2
    agentTypeID: 0
    agentRadius: 0.5
    agentHeight: 2
    agentSlope: 45
    agentClimb: 0.4
    ledgeDropHeight: 0
    maxJumpAcrossDistance: 0
    minRegionArea: 2
    manualCellSize: 0
    cellSize: 0.16666667
    manualTileSize: 0
    tileSize: 256
    accuratePlacement: 0
    debug:
      m_Flags: 0
  m_NavMeshData: {fileID: 0}
--- !u!1 &62270225
GameObject:
  m_ObjectHideFlags: 0
  m_CorrespondingSourceObject: {fileID: 1207948963076162, guid: 88c20de6c1dc0f04abeaffaac0a9a6cf,
    type: 2}
  m_PrefabInternal: {fileID: 1980884457}
  serializedVersion: 6
  m_Component:
  - component: {fileID: 62270226}
  - component: {fileID: 62270227}
  m_Layer: 0
  m_Name: Reflection Probe
  m_TagString: Untagged
  m_Icon: {fileID: 0}
  m_NavMeshLayer: 0
  m_StaticEditorFlags: 0
  m_IsActive: 1
--- !u!4 &62270226
Transform:
  m_ObjectHideFlags: 0
  m_CorrespondingSourceObject: {fileID: 4432484994539112, guid: 88c20de6c1dc0f04abeaffaac0a9a6cf,
    type: 2}
  m_PrefabInternal: {fileID: 1980884457}
  m_GameObject: {fileID: 62270225}
  m_LocalRotation: {x: -0, y: -0, z: -0, w: 1}
  m_LocalPosition: {x: 0, y: 0.06317496, z: 0.0071258545}
  m_LocalScale: {x: 1, y: 1, z: 1}
  m_Children: []
  m_Father: {fileID: 1291309448}
  m_RootOrder: 0
  m_LocalEulerAnglesHint: {x: 0, y: 0, z: 0}
--- !u!215 &62270227
ReflectionProbe:
  m_ObjectHideFlags: 0
  m_CorrespondingSourceObject: {fileID: 215996755178748940, guid: 88c20de6c1dc0f04abeaffaac0a9a6cf,
    type: 2}
  m_PrefabInternal: {fileID: 1980884457}
  m_GameObject: {fileID: 62270225}
  m_Enabled: 1
  serializedVersion: 2
  m_Type: 0
  m_Mode: 1
  m_RefreshMode: 0
  m_TimeSlicingMode: 0
  m_Resolution: 512
  m_UpdateFrequency: 0
  m_BoxSize: {x: 2.1821249, y: 2.8331733, z: 1.9228041}
  m_BoxOffset: {x: -0.06899154, y: 0.07383835, z: -0.20782173}
  m_NearClip: 0.3
  m_FarClip: 1000
  m_ShadowDistance: 100
  m_ClearFlags: 1
  m_BackGroundColor: {r: 0.19215687, g: 0.3019608, b: 0.4745098, a: 0}
  m_CullingMask:
    serializedVersion: 2
    m_Bits: 4294966271
  m_IntensityMultiplier: 1
  m_BlendDistance: 1
  m_HDR: 1
  m_BoxProjection: 0
  m_RenderDynamicObjects: 1
  m_UseOcclusionCulling: 1
  m_Importance: 1
  m_CustomBakedTexture: {fileID: 0}
--- !u!1 &328797203
GameObject:
  m_ObjectHideFlags: 0
  m_CorrespondingSourceObject: {fileID: 1228426782513836, guid: 88c20de6c1dc0f04abeaffaac0a9a6cf,
    type: 2}
  m_PrefabInternal: {fileID: 1980884457}
  serializedVersion: 6
  m_Component:
  - component: {fileID: 328797204}
  - component: {fileID: 328797207}
  - component: {fileID: 328797206}
  - component: {fileID: 328797205}
  m_Layer: 8
  m_Name: Cube
  m_TagString: Untagged
  m_Icon: {fileID: 0}
  m_NavMeshLayer: 0
  m_StaticEditorFlags: 4294967295
  m_IsActive: 1
--- !u!4 &328797204
Transform:
  m_ObjectHideFlags: 0
  m_CorrespondingSourceObject: {fileID: 4137155754746954, guid: 88c20de6c1dc0f04abeaffaac0a9a6cf,
    type: 2}
  m_PrefabInternal: {fileID: 1980884457}
  m_GameObject: {fileID: 328797203}
  m_LocalRotation: {x: -0, y: -0, z: -0, w: 1}
  m_LocalPosition: {x: 0, y: -0.70000005, z: 0}
  m_LocalScale: {x: 1, y: 1, z: 1}
  m_Children: []
  m_Father: {fileID: 1129580963}
  m_RootOrder: 1
  m_LocalEulerAnglesHint: {x: 0, y: 0, z: 0}
--- !u!23 &328797205
MeshRenderer:
  m_ObjectHideFlags: 0
  m_CorrespondingSourceObject: {fileID: 23589372559137094, guid: 88c20de6c1dc0f04abeaffaac0a9a6cf,
    type: 2}
  m_PrefabInternal: {fileID: 1980884457}
  m_GameObject: {fileID: 328797203}
  m_Enabled: 1
  m_CastShadows: 1
  m_ReceiveShadows: 1
  m_DynamicOccludee: 1
  m_MotionVectors: 1
  m_LightProbeUsage: 1
  m_ReflectionProbeUsage: 2
  m_RenderingLayerMask: 4294967295
  m_Materials:
  - {fileID: 2100000, guid: 1b27a20a436b4c64b882a6f739bf91de, type: 2}
  m_StaticBatchInfo:
    firstSubMesh: 0
    subMeshCount: 0
  m_StaticBatchRoot: {fileID: 0}
  m_ProbeAnchor: {fileID: 0}
  m_LightProbeVolumeOverride: {fileID: 0}
  m_ScaleInLightmap: 1
  m_PreserveUVs: 1
  m_IgnoreNormalsForChartDetection: 0
  m_ImportantGI: 0
  m_StitchLightmapSeams: 0
  m_SelectedEditorRenderState: 3
  m_MinimumChartSize: 4
  m_AutoUVMaxDistance: 0.5
  m_AutoUVMaxAngle: 89
  m_LightmapParameters: {fileID: 0}
  m_SortingLayerID: 0
  m_SortingLayer: 0
  m_SortingOrder: 0
--- !u!65 &328797206
BoxCollider:
  m_ObjectHideFlags: 0
  m_CorrespondingSourceObject: {fileID: 65163136216855282, guid: 88c20de6c1dc0f04abeaffaac0a9a6cf,
    type: 2}
  m_PrefabInternal: {fileID: 1980884457}
  m_GameObject: {fileID: 328797203}
  m_Material: {fileID: 0}
  m_IsTrigger: 0
  m_Enabled: 1
  serializedVersion: 2
  m_Size: {x: 1, y: 1, z: 1}
  m_Center: {x: 0, y: 0, z: 0}
--- !u!33 &328797207
MeshFilter:
  m_ObjectHideFlags: 0
  m_CorrespondingSourceObject: {fileID: 33456869383265282, guid: 88c20de6c1dc0f04abeaffaac0a9a6cf,
    type: 2}
  m_PrefabInternal: {fileID: 1980884457}
  m_GameObject: {fileID: 328797203}
  m_Mesh: {fileID: 10202, guid: 0000000000000000e000000000000000, type: 0}
--- !u!1 &497697924
GameObject:
  m_ObjectHideFlags: 0
  m_CorrespondingSourceObject: {fileID: 1858630756550008, guid: 88c20de6c1dc0f04abeaffaac0a9a6cf,
    type: 2}
  m_PrefabInternal: {fileID: 1980884457}
  serializedVersion: 6
  m_Component:
  - component: {fileID: 497697925}
  - component: {fileID: 497697926}
  m_Layer: 0
  m_Name: Reflection Probe
  m_TagString: Untagged
  m_Icon: {fileID: 0}
  m_NavMeshLayer: 0
  m_StaticEditorFlags: 0
  m_IsActive: 0
--- !u!4 &497697925
Transform:
  m_ObjectHideFlags: 0
  m_CorrespondingSourceObject: {fileID: 4269806774681954, guid: 88c20de6c1dc0f04abeaffaac0a9a6cf,
    type: 2}
  m_PrefabInternal: {fileID: 1980884457}
  m_GameObject: {fileID: 497697924}
  m_LocalRotation: {x: -0, y: -0, z: -0, w: 1}
  m_LocalPosition: {x: -0.01, y: 0.06317496, z: 0.012}
  m_LocalScale: {x: 1, y: 1, z: 1}
  m_Children: []
  m_Father: {fileID: 1852640551}
  m_RootOrder: 0
  m_LocalEulerAnglesHint: {x: 0, y: 0, z: 0}
--- !u!215 &497697926
ReflectionProbe:
  m_ObjectHideFlags: 0
  m_CorrespondingSourceObject: {fileID: 215772291181534534, guid: 88c20de6c1dc0f04abeaffaac0a9a6cf,
    type: 2}
  m_PrefabInternal: {fileID: 1980884457}
  m_GameObject: {fileID: 497697924}
  m_Enabled: 0
  serializedVersion: 2
  m_Type: 0
  m_Mode: 1
  m_RefreshMode: 0
  m_TimeSlicingMode: 0
  m_Resolution: 512
  m_UpdateFrequency: 0
  m_BoxSize: {x: 2.1821249, y: 2.8331733, z: 1.9228041}
  m_BoxOffset: {x: -0.06899154, y: 0.07383835, z: -0.20782173}
  m_NearClip: 0.3
  m_FarClip: 1000
  m_ShadowDistance: 100
  m_ClearFlags: 1
  m_BackGroundColor: {r: 0.19215687, g: 0.3019608, b: 0.4745098, a: 0}
  m_CullingMask:
    serializedVersion: 2
    m_Bits: 4294965247
  m_IntensityMultiplier: 1
  m_BlendDistance: 1
  m_HDR: 1
  m_BoxProjection: 0
  m_RenderDynamicObjects: 1
  m_UseOcclusionCulling: 1
  m_Importance: 1
  m_CustomBakedTexture: {fileID: 0}
--- !u!1 &843331567
GameObject:
  m_ObjectHideFlags: 0
  m_CorrespondingSourceObject: {fileID: 0}
  m_PrefabInternal: {fileID: 0}
  serializedVersion: 6
  m_Component:
  - component: {fileID: 843331572}
  - component: {fileID: 843331571}
  - component: {fileID: 843331570}
  - component: {fileID: 843331569}
  - component: {fileID: 843331568}
  m_Layer: 0
  m_Name: Main Camera
  m_TagString: MainCamera
  m_Icon: {fileID: 0}
  m_NavMeshLayer: 0
  m_StaticEditorFlags: 0
  m_IsActive: 1
--- !u!81 &843331568
AudioListener:
  m_ObjectHideFlags: 0
  m_CorrespondingSourceObject: {fileID: 0}
  m_PrefabInternal: {fileID: 0}
  m_GameObject: {fileID: 843331567}
  m_Enabled: 1
--- !u!124 &843331569
Behaviour:
  m_ObjectHideFlags: 0
  m_CorrespondingSourceObject: {fileID: 0}
  m_PrefabInternal: {fileID: 0}
  m_GameObject: {fileID: 843331567}
  m_Enabled: 1
--- !u!92 &843331570
Behaviour:
  m_ObjectHideFlags: 0
  m_CorrespondingSourceObject: {fileID: 0}
  m_PrefabInternal: {fileID: 0}
  m_GameObject: {fileID: 843331567}
  m_Enabled: 1
--- !u!20 &843331571
Camera:
  m_ObjectHideFlags: 0
  m_CorrespondingSourceObject: {fileID: 0}
  m_PrefabInternal: {fileID: 0}
  m_GameObject: {fileID: 843331567}
  m_Enabled: 1
  serializedVersion: 2
  m_ClearFlags: 1
  m_BackGroundColor: {r: 0.19215687, g: 0.3019608, b: 0.4745098, a: 0}
  m_projectionMatrixMode: 1
  m_SensorSize: {x: 36, y: 24}
  m_LensShift: {x: 0, y: 0}
  m_FocalLength: 50
  m_NormalizedViewPortRect:
    serializedVersion: 2
    x: 0
    y: 0
    width: 1
    height: 1
  near clip plane: 0.3
  far clip plane: 1000
  field of view: 60
  orthographic: 0
  orthographic size: 5
  m_Depth: -1
  m_CullingMask:
    serializedVersion: 2
    m_Bits: 4294967295
  m_RenderingPath: -1
  m_TargetTexture: {fileID: 0}
  m_TargetDisplay: 0
  m_TargetEye: 3
  m_HDR: 1
  m_AllowMSAA: 1
  m_AllowDynamicResolution: 0
  m_ForceIntoRT: 0
  m_OcclusionCulling: 1
  m_StereoConvergence: 10
  m_StereoSeparation: 0.022
--- !u!4 &843331572
Transform:
  m_ObjectHideFlags: 0
  m_CorrespondingSourceObject: {fileID: 0}
  m_PrefabInternal: {fileID: 0}
  m_GameObject: {fileID: 843331567}
  m_LocalRotation: {x: 0.030260773, y: 0.9049638, z: -0.08582491, w: 0.41564277}
  m_LocalPosition: {x: -5.723, y: 2.336, z: 4.773}
  m_LocalScale: {x: 1, y: 1, z: 1}
  m_Children: []
  m_Father: {fileID: 0}
  m_RootOrder: 0
  m_LocalEulerAnglesHint: {x: 10.398001, y: 130.574, z: -0.966}
--- !u!1 &1004774474
GameObject:
  m_ObjectHideFlags: 0
  m_CorrespondingSourceObject: {fileID: 1620181905657374, guid: 88c20de6c1dc0f04abeaffaac0a9a6cf,
    type: 2}
  m_PrefabInternal: {fileID: 1980884457}
  serializedVersion: 6
  m_Component:
  - component: {fileID: 1004774475}
  - component: {fileID: 1004774478}
  - component: {fileID: 1004774477}
  - component: {fileID: 1004774476}
  m_Layer: 12
  m_Name: Sphere 2/10
  m_TagString: Untagged
  m_Icon: {fileID: 0}
  m_NavMeshLayer: 0
  m_StaticEditorFlags: 4294967295
  m_IsActive: 1
--- !u!4 &1004774475
Transform:
  m_ObjectHideFlags: 0
  m_CorrespondingSourceObject: {fileID: 4334560254728742, guid: 88c20de6c1dc0f04abeaffaac0a9a6cf,
    type: 2}
  m_PrefabInternal: {fileID: 1980884457}
  m_GameObject: {fileID: 1004774474}
  m_LocalRotation: {x: -0, y: -0, z: -0, w: 1}
  m_LocalPosition: {x: 0, y: 1.2, z: -3}
  m_LocalScale: {x: 1, y: 1, z: 1}
  m_Children:
  - {fileID: 1309124218}
  m_Father: {fileID: 1320517852}
  m_RootOrder: 4
  m_LocalEulerAnglesHint: {x: 0, y: 0, z: 0}
--- !u!23 &1004774476
MeshRenderer:
  m_ObjectHideFlags: 0
  m_CorrespondingSourceObject: {fileID: 23670919240028110, guid: 88c20de6c1dc0f04abeaffaac0a9a6cf,
    type: 2}
  m_PrefabInternal: {fileID: 1980884457}
  m_GameObject: {fileID: 1004774474}
  m_Enabled: 1
  m_CastShadows: 1
  m_ReceiveShadows: 1
  m_DynamicOccludee: 1
  m_MotionVectors: 1
  m_LightProbeUsage: 1
  m_ReflectionProbeUsage: 2
  m_RenderingLayerMask: 4294967295
  m_Materials:
  - {fileID: 2100000, guid: db3bceb128d32144ca6fd4550ac256bc, type: 2}
  m_StaticBatchInfo:
    firstSubMesh: 0
    subMeshCount: 0
  m_StaticBatchRoot: {fileID: 0}
  m_ProbeAnchor: {fileID: 0}
  m_LightProbeVolumeOverride: {fileID: 0}
  m_ScaleInLightmap: 1
  m_PreserveUVs: 1
  m_IgnoreNormalsForChartDetection: 0
  m_ImportantGI: 0
  m_StitchLightmapSeams: 0
  m_SelectedEditorRenderState: 3
  m_MinimumChartSize: 4
  m_AutoUVMaxDistance: 0.5
  m_AutoUVMaxAngle: 89
  m_LightmapParameters: {fileID: 0}
  m_SortingLayerID: 0
  m_SortingLayer: 0
  m_SortingOrder: 0
--- !u!135 &1004774477
SphereCollider:
  m_ObjectHideFlags: 0
  m_CorrespondingSourceObject: {fileID: 135437102159556278, guid: 88c20de6c1dc0f04abeaffaac0a9a6cf,
    type: 2}
  m_PrefabInternal: {fileID: 1980884457}
  m_GameObject: {fileID: 1004774474}
  m_Material: {fileID: 0}
  m_IsTrigger: 0
  m_Enabled: 1
  serializedVersion: 2
  m_Radius: 0.5
  m_Center: {x: 0, y: 0, z: 0}
--- !u!33 &1004774478
MeshFilter:
  m_ObjectHideFlags: 0
  m_CorrespondingSourceObject: {fileID: 33143664628153274, guid: 88c20de6c1dc0f04abeaffaac0a9a6cf,
    type: 2}
  m_PrefabInternal: {fileID: 1980884457}
  m_GameObject: {fileID: 1004774474}
  m_Mesh: {fileID: 10207, guid: 0000000000000000e000000000000000, type: 0}
--- !u!1 &1129580962
GameObject:
  m_ObjectHideFlags: 0
  m_CorrespondingSourceObject: {fileID: 1139115104988334, guid: 88c20de6c1dc0f04abeaffaac0a9a6cf,
    type: 2}
  m_PrefabInternal: {fileID: 1980884457}
  serializedVersion: 6
  m_Component:
  - component: {fileID: 1129580963}
  - component: {fileID: 1129580966}
  - component: {fileID: 1129580965}
  - component: {fileID: 1129580964}
  m_Layer: 8
  m_Name: Sphere
  m_TagString: Untagged
  m_Icon: {fileID: 0}
  m_NavMeshLayer: 0
  m_StaticEditorFlags: 4294967295
  m_IsActive: 1
--- !u!4 &1129580963
Transform:
  m_ObjectHideFlags: 0
  m_CorrespondingSourceObject: {fileID: 4138420152205064, guid: 88c20de6c1dc0f04abeaffaac0a9a6cf,
    type: 2}
  m_PrefabInternal: {fileID: 1980884457}
  m_GameObject: {fileID: 1129580962}
  m_LocalRotation: {x: -0, y: -0, z: -0, w: 1}
  m_LocalPosition: {x: 0, y: 1.2, z: 0}
  m_LocalScale: {x: 1, y: 1, z: 1}
  m_Children:
  - {fileID: 1988166292}
  - {fileID: 328797204}
  m_Father: {fileID: 1320517852}
  m_RootOrder: 0
  m_LocalEulerAnglesHint: {x: 0, y: 0, z: 0}
--- !u!23 &1129580964
MeshRenderer:
  m_ObjectHideFlags: 0
  m_CorrespondingSourceObject: {fileID: 23511426113429424, guid: 88c20de6c1dc0f04abeaffaac0a9a6cf,
    type: 2}
  m_PrefabInternal: {fileID: 1980884457}
  m_GameObject: {fileID: 1129580962}
  m_Enabled: 1
  m_CastShadows: 1
  m_ReceiveShadows: 1
  m_DynamicOccludee: 1
  m_MotionVectors: 1
  m_LightProbeUsage: 1
  m_ReflectionProbeUsage: 1
  m_RenderingLayerMask: 4294967295
  m_Materials:
  - {fileID: 2100000, guid: 1b27a20a436b4c64b882a6f739bf91de, type: 2}
  m_StaticBatchInfo:
    firstSubMesh: 0
    subMeshCount: 0
  m_StaticBatchRoot: {fileID: 0}
  m_ProbeAnchor: {fileID: 0}
  m_LightProbeVolumeOverride: {fileID: 0}
  m_ScaleInLightmap: 1
  m_PreserveUVs: 1
  m_IgnoreNormalsForChartDetection: 0
  m_ImportantGI: 0
  m_StitchLightmapSeams: 0
  m_SelectedEditorRenderState: 3
  m_MinimumChartSize: 4
  m_AutoUVMaxDistance: 0.5
  m_AutoUVMaxAngle: 89
  m_LightmapParameters: {fileID: 0}
  m_SortingLayerID: 0
  m_SortingLayer: 0
  m_SortingOrder: 0
--- !u!135 &1129580965
SphereCollider:
  m_ObjectHideFlags: 0
  m_CorrespondingSourceObject: {fileID: 135546264044914442, guid: 88c20de6c1dc0f04abeaffaac0a9a6cf,
    type: 2}
  m_PrefabInternal: {fileID: 1980884457}
  m_GameObject: {fileID: 1129580962}
  m_Material: {fileID: 0}
  m_IsTrigger: 0
  m_Enabled: 1
  serializedVersion: 2
  m_Radius: 0.5
  m_Center: {x: 0, y: 0, z: 0}
--- !u!33 &1129580966
MeshFilter:
  m_ObjectHideFlags: 0
  m_CorrespondingSourceObject: {fileID: 33105653230305072, guid: 88c20de6c1dc0f04abeaffaac0a9a6cf,
    type: 2}
  m_PrefabInternal: {fileID: 1980884457}
  m_GameObject: {fileID: 1129580962}
  m_Mesh: {fileID: 10207, guid: 0000000000000000e000000000000000, type: 0}
--- !u!1 &1208628565
GameObject:
  m_ObjectHideFlags: 0
  m_CorrespondingSourceObject: {fileID: 1355006576138142, guid: 88c20de6c1dc0f04abeaffaac0a9a6cf,
    type: 2}
  m_PrefabInternal: {fileID: 1980884457}
  serializedVersion: 6
  m_Component:
  - component: {fileID: 1208628566}
  - component: {fileID: 1208628569}
  - component: {fileID: 1208628568}
  - component: {fileID: 1208628567}
  m_Layer: 10
  m_Name: Cube
  m_TagString: Untagged
  m_Icon: {fileID: 0}
  m_NavMeshLayer: 0
  m_StaticEditorFlags: 4294967295
  m_IsActive: 1
--- !u!4 &1208628566
Transform:
  m_ObjectHideFlags: 0
  m_CorrespondingSourceObject: {fileID: 4617857512883566, guid: 88c20de6c1dc0f04abeaffaac0a9a6cf,
    type: 2}
  m_PrefabInternal: {fileID: 1980884457}
  m_GameObject: {fileID: 1208628565}
  m_LocalRotation: {x: -0, y: -0, z: -0, w: 1}
  m_LocalPosition: {x: 0, y: -0.70000005, z: 0}
  m_LocalScale: {x: 1, y: 1, z: 1}
  m_Children: []
  m_Father: {fileID: 1291309448}
  m_RootOrder: 1
  m_LocalEulerAnglesHint: {x: 0, y: 0, z: 0}
--- !u!23 &1208628567
MeshRenderer:
  m_ObjectHideFlags: 0
  m_CorrespondingSourceObject: {fileID: 23684612604043742, guid: 88c20de6c1dc0f04abeaffaac0a9a6cf,
    type: 2}
  m_PrefabInternal: {fileID: 1980884457}
  m_GameObject: {fileID: 1208628565}
  m_Enabled: 1
  m_CastShadows: 1
  m_ReceiveShadows: 1
  m_DynamicOccludee: 1
  m_MotionVectors: 1
  m_LightProbeUsage: 1
  m_ReflectionProbeUsage: 2
  m_RenderingLayerMask: 4294967295
  m_Materials:
  - {fileID: 2100000, guid: 964f6a34e2240bf45940918b112ce7be, type: 2}
  m_StaticBatchInfo:
    firstSubMesh: 0
    subMeshCount: 0
  m_StaticBatchRoot: {fileID: 0}
  m_ProbeAnchor: {fileID: 0}
  m_LightProbeVolumeOverride: {fileID: 0}
  m_ScaleInLightmap: 1
  m_PreserveUVs: 1
  m_IgnoreNormalsForChartDetection: 0
  m_ImportantGI: 0
  m_StitchLightmapSeams: 0
  m_SelectedEditorRenderState: 3
  m_MinimumChartSize: 4
  m_AutoUVMaxDistance: 0.5
  m_AutoUVMaxAngle: 89
  m_LightmapParameters: {fileID: 0}
  m_SortingLayerID: 0
  m_SortingLayer: 0
  m_SortingOrder: 0
--- !u!65 &1208628568
BoxCollider:
  m_ObjectHideFlags: 0
  m_CorrespondingSourceObject: {fileID: 65838407286517214, guid: 88c20de6c1dc0f04abeaffaac0a9a6cf,
    type: 2}
  m_PrefabInternal: {fileID: 1980884457}
  m_GameObject: {fileID: 1208628565}
  m_Material: {fileID: 0}
  m_IsTrigger: 0
  m_Enabled: 1
  serializedVersion: 2
  m_Size: {x: 1, y: 1, z: 1}
  m_Center: {x: 0, y: 0, z: 0}
--- !u!33 &1208628569
MeshFilter:
  m_ObjectHideFlags: 0
  m_CorrespondingSourceObject: {fileID: 33725590161859174, guid: 88c20de6c1dc0f04abeaffaac0a9a6cf,
    type: 2}
  m_PrefabInternal: {fileID: 1980884457}
  m_GameObject: {fileID: 1208628565}
  m_Mesh: {fileID: 10202, guid: 0000000000000000e000000000000000, type: 0}
--- !u!1 &1257627906
GameObject:
  m_ObjectHideFlags: 0
  m_CorrespondingSourceObject: {fileID: 1653700269310046, guid: 88c20de6c1dc0f04abeaffaac0a9a6cf,
    type: 2}
  m_PrefabInternal: {fileID: 1980884457}
  serializedVersion: 6
  m_Component:
  - component: {fileID: 1257627907}
  - component: {fileID: 1257627908}
  m_Layer: 0
  m_Name: Reflection Probe (1)
  m_TagString: Untagged
  m_Icon: {fileID: 0}
  m_NavMeshLayer: 0
  m_StaticEditorFlags: 0
  m_IsActive: 1
--- !u!4 &1257627907
Transform:
  m_ObjectHideFlags: 0
  m_CorrespondingSourceObject: {fileID: 4337315262327390, guid: 88c20de6c1dc0f04abeaffaac0a9a6cf,
    type: 2}
  m_PrefabInternal: {fileID: 1980884457}
  m_GameObject: {fileID: 1257627906}
  m_LocalRotation: {x: -0, y: -0, z: -0, w: 1}
  m_LocalPosition: {x: 0, y: -0.020097733, z: 0}
  m_LocalScale: {x: 1, y: 1, z: 1}
  m_Children: []
  m_Father: {fileID: 1628471904}
  m_RootOrder: 1
  m_LocalEulerAnglesHint: {x: 0, y: 0, z: 0}
--- !u!215 &1257627908
ReflectionProbe:
  m_ObjectHideFlags: 0
  m_CorrespondingSourceObject: {fileID: 215428470545105882, guid: 88c20de6c1dc0f04abeaffaac0a9a6cf,
    type: 2}
  m_PrefabInternal: {fileID: 1980884457}
  m_GameObject: {fileID: 1257627906}
  m_Enabled: 1
  serializedVersion: 2
  m_Type: 0
  m_Mode: 1
  m_RefreshMode: 0
  m_TimeSlicingMode: 0
  m_Resolution: 512
  m_UpdateFrequency: 0
  m_BoxSize: {x: 2.7702398, y: 2.8331733, z: 2.3436346}
  m_BoxOffset: {x: -0.16893959, y: 0.16882706, z: -0.15531254}
  m_NearClip: 0.3
  m_FarClip: 1000
  m_ShadowDistance: 100
  m_ClearFlags: 1
  m_BackGroundColor: {r: 0.19215687, g: 0.3019608, b: 0.4745098, a: 0}
  m_CullingMask:
    serializedVersion: 2
    m_Bits: 4294966783
  m_IntensityMultiplier: 1
  m_BlendDistance: 1
  m_HDR: 1
  m_BoxProjection: 0
  m_RenderDynamicObjects: 1
  m_UseOcclusionCulling: 1
  m_Importance: 1
  m_CustomBakedTexture: {fileID: 0}
--- !u!1 &1291309447
GameObject:
  m_ObjectHideFlags: 0
  m_CorrespondingSourceObject: {fileID: 1329241636460970, guid: 88c20de6c1dc0f04abeaffaac0a9a6cf,
    type: 2}
  m_PrefabInternal: {fileID: 1980884457}
  serializedVersion: 6
  m_Component:
  - component: {fileID: 1291309448}
  - component: {fileID: 1291309451}
  - component: {fileID: 1291309450}
  - component: {fileID: 1291309449}
  m_Layer: 10
  m_Name: Sphere 6/10
  m_TagString: Untagged
  m_Icon: {fileID: 0}
  m_NavMeshLayer: 0
  m_StaticEditorFlags: 4294967295
  m_IsActive: 1
--- !u!4 &1291309448
Transform:
  m_ObjectHideFlags: 0
  m_CorrespondingSourceObject: {fileID: 4177331993782376, guid: 88c20de6c1dc0f04abeaffaac0a9a6cf,
    type: 2}
  m_PrefabInternal: {fileID: 1980884457}
  m_GameObject: {fileID: 1291309447}
  m_LocalRotation: {x: -0, y: -0, z: -0, w: 1}
  m_LocalPosition: {x: 0, y: 1.2, z: 3}
  m_LocalScale: {x: 1, y: 1, z: 1}
  m_Children:
  - {fileID: 62270226}
  - {fileID: 1208628566}
  m_Father: {fileID: 1320517852}
  m_RootOrder: 2
  m_LocalEulerAnglesHint: {x: 0, y: 0, z: 0}
--- !u!23 &1291309449
MeshRenderer:
  m_ObjectHideFlags: 0
  m_CorrespondingSourceObject: {fileID: 23020722786324260, guid: 88c20de6c1dc0f04abeaffaac0a9a6cf,
    type: 2}
  m_PrefabInternal: {fileID: 1980884457}
  m_GameObject: {fileID: 1291309447}
  m_Enabled: 1
  m_CastShadows: 1
  m_ReceiveShadows: 1
  m_DynamicOccludee: 1
  m_MotionVectors: 1
  m_LightProbeUsage: 1
  m_ReflectionProbeUsage: 1
  m_RenderingLayerMask: 4294967295
  m_Materials:
  - {fileID: 2100000, guid: 964f6a34e2240bf45940918b112ce7be, type: 2}
  m_StaticBatchInfo:
    firstSubMesh: 0
    subMeshCount: 0
  m_StaticBatchRoot: {fileID: 0}
  m_ProbeAnchor: {fileID: 0}
  m_LightProbeVolumeOverride: {fileID: 0}
  m_ScaleInLightmap: 1
  m_PreserveUVs: 1
  m_IgnoreNormalsForChartDetection: 0
  m_ImportantGI: 0
  m_StitchLightmapSeams: 0
  m_SelectedEditorRenderState: 3
  m_MinimumChartSize: 4
  m_AutoUVMaxDistance: 0.5
  m_AutoUVMaxAngle: 89
  m_LightmapParameters: {fileID: 0}
  m_SortingLayerID: 0
  m_SortingLayer: 0
  m_SortingOrder: 0
--- !u!135 &1291309450
SphereCollider:
  m_ObjectHideFlags: 0
  m_CorrespondingSourceObject: {fileID: 135817325491017912, guid: 88c20de6c1dc0f04abeaffaac0a9a6cf,
    type: 2}
  m_PrefabInternal: {fileID: 1980884457}
  m_GameObject: {fileID: 1291309447}
  m_Material: {fileID: 0}
  m_IsTrigger: 0
  m_Enabled: 1
  serializedVersion: 2
  m_Radius: 0.5
  m_Center: {x: 0, y: 0, z: 0}
--- !u!33 &1291309451
MeshFilter:
  m_ObjectHideFlags: 0
  m_CorrespondingSourceObject: {fileID: 33736040794150394, guid: 88c20de6c1dc0f04abeaffaac0a9a6cf,
    type: 2}
  m_PrefabInternal: {fileID: 1980884457}
  m_GameObject: {fileID: 1291309447}
  m_Mesh: {fileID: 10207, guid: 0000000000000000e000000000000000, type: 0}
--- !u!1 &1309124217
GameObject:
  m_ObjectHideFlags: 0
  m_CorrespondingSourceObject: {fileID: 1810280545766114, guid: 88c20de6c1dc0f04abeaffaac0a9a6cf,
    type: 2}
  m_PrefabInternal: {fileID: 1980884457}
  serializedVersion: 6
  m_Component:
  - component: {fileID: 1309124218}
  - component: {fileID: 1309124221}
  - component: {fileID: 1309124220}
  - component: {fileID: 1309124219}
  m_Layer: 12
  m_Name: Cube
  m_TagString: Untagged
  m_Icon: {fileID: 0}
  m_NavMeshLayer: 0
  m_StaticEditorFlags: 4294967295
  m_IsActive: 1
--- !u!4 &1309124218
Transform:
  m_ObjectHideFlags: 0
  m_CorrespondingSourceObject: {fileID: 4628340601042456, guid: 88c20de6c1dc0f04abeaffaac0a9a6cf,
    type: 2}
  m_PrefabInternal: {fileID: 1980884457}
  m_GameObject: {fileID: 1309124217}
  m_LocalRotation: {x: -0, y: -0, z: -0, w: 1}
  m_LocalPosition: {x: 0, y: -0.70000005, z: 0}
  m_LocalScale: {x: 1, y: 1, z: 1}
  m_Children: []
  m_Father: {fileID: 1004774475}
  m_RootOrder: 0
  m_LocalEulerAnglesHint: {x: 0, y: 0, z: 0}
--- !u!23 &1309124219
MeshRenderer:
  m_ObjectHideFlags: 0
  m_CorrespondingSourceObject: {fileID: 23006185736301576, guid: 88c20de6c1dc0f04abeaffaac0a9a6cf,
    type: 2}
  m_PrefabInternal: {fileID: 1980884457}
  m_GameObject: {fileID: 1309124217}
  m_Enabled: 1
  m_CastShadows: 1
  m_ReceiveShadows: 1
  m_DynamicOccludee: 1
  m_MotionVectors: 1
  m_LightProbeUsage: 1
  m_ReflectionProbeUsage: 2
  m_RenderingLayerMask: 4294967295
  m_Materials:
  - {fileID: 2100000, guid: db3bceb128d32144ca6fd4550ac256bc, type: 2}
  m_StaticBatchInfo:
    firstSubMesh: 0
    subMeshCount: 0
  m_StaticBatchRoot: {fileID: 0}
  m_ProbeAnchor: {fileID: 0}
  m_LightProbeVolumeOverride: {fileID: 0}
  m_ScaleInLightmap: 1
  m_PreserveUVs: 1
  m_IgnoreNormalsForChartDetection: 0
  m_ImportantGI: 0
  m_StitchLightmapSeams: 0
  m_SelectedEditorRenderState: 3
  m_MinimumChartSize: 4
  m_AutoUVMaxDistance: 0.5
  m_AutoUVMaxAngle: 89
  m_LightmapParameters: {fileID: 0}
  m_SortingLayerID: 0
  m_SortingLayer: 0
  m_SortingOrder: 0
--- !u!65 &1309124220
BoxCollider:
  m_ObjectHideFlags: 0
  m_CorrespondingSourceObject: {fileID: 65562705914139494, guid: 88c20de6c1dc0f04abeaffaac0a9a6cf,
    type: 2}
  m_PrefabInternal: {fileID: 1980884457}
  m_GameObject: {fileID: 1309124217}
  m_Material: {fileID: 0}
  m_IsTrigger: 0
  m_Enabled: 1
  serializedVersion: 2
  m_Size: {x: 1, y: 1, z: 1}
  m_Center: {x: 0, y: 0, z: 0}
--- !u!33 &1309124221
MeshFilter:
  m_ObjectHideFlags: 0
  m_CorrespondingSourceObject: {fileID: 33193202093693560, guid: 88c20de6c1dc0f04abeaffaac0a9a6cf,
    type: 2}
  m_PrefabInternal: {fileID: 1980884457}
  m_GameObject: {fileID: 1309124217}
  m_Mesh: {fileID: 10202, guid: 0000000000000000e000000000000000, type: 0}
--- !u!1 &1320517851
GameObject:
  m_ObjectHideFlags: 0
  m_CorrespondingSourceObject: {fileID: 1034026176227000, guid: 88c20de6c1dc0f04abeaffaac0a9a6cf,
    type: 2}
  m_PrefabInternal: {fileID: 1980884457}
  serializedVersion: 6
  m_Component:
  - component: {fileID: 1320517852}
  m_Layer: 0
  m_Name: DemoObjects
  m_TagString: Untagged
  m_Icon: {fileID: 0}
  m_NavMeshLayer: 0
  m_StaticEditorFlags: 0
  m_IsActive: 1
--- !u!4 &1320517852
Transform:
  m_ObjectHideFlags: 0
  m_CorrespondingSourceObject: {fileID: 4934344442018756, guid: 88c20de6c1dc0f04abeaffaac0a9a6cf,
    type: 2}
  m_PrefabInternal: {fileID: 1980884457}
  m_GameObject: {fileID: 1320517851}
  m_LocalRotation: {x: 0, y: 0, z: 0, w: 1}
  m_LocalPosition: {x: 0, y: 0, z: 0}
  m_LocalScale: {x: 1, y: 1, z: 1}
  m_Children:
  - {fileID: 1129580963}
  - {fileID: 1628471904}
  - {fileID: 1291309448}
  - {fileID: 1852640551}
  - {fileID: 1004774475}
  - {fileID: 1359133645}
  m_Father: {fileID: 0}
  m_RootOrder: 1
  m_LocalEulerAnglesHint: {x: 0, y: 0, z: 0}
--- !u!1 &1359133644
GameObject:
  m_ObjectHideFlags: 0
  m_CorrespondingSourceObject: {fileID: 1480376389656750, guid: 88c20de6c1dc0f04abeaffaac0a9a6cf,
    type: 2}
  m_PrefabInternal: {fileID: 1980884457}
  serializedVersion: 6
  m_Component:
  - component: {fileID: 1359133645}
  - component: {fileID: 1359133648}
  - component: {fileID: 1359133647}
  - component: {fileID: 1359133646}
  m_Layer: 0
  m_Name: Plane
  m_TagString: Untagged
  m_Icon: {fileID: 0}
  m_NavMeshLayer: 0
  m_StaticEditorFlags: 4294967295
  m_IsActive: 1
--- !u!4 &1359133645
Transform:
  m_ObjectHideFlags: 0
  m_CorrespondingSourceObject: {fileID: 4966989887771852, guid: 88c20de6c1dc0f04abeaffaac0a9a6cf,
    type: 2}
  m_PrefabInternal: {fileID: 1980884457}
  m_GameObject: {fileID: 1359133644}
  m_LocalRotation: {x: -0, y: -0, z: -0, w: 1}
  m_LocalPosition: {x: 0, y: 0, z: 0}
  m_LocalScale: {x: 1, y: 1, z: 1}
  m_Children: []
  m_Father: {fileID: 1320517852}
  m_RootOrder: 5
  m_LocalEulerAnglesHint: {x: 0, y: 0, z: 0}
--- !u!23 &1359133646
MeshRenderer:
  m_ObjectHideFlags: 0
  m_CorrespondingSourceObject: {fileID: 23470101336099490, guid: 88c20de6c1dc0f04abeaffaac0a9a6cf,
    type: 2}
  m_PrefabInternal: {fileID: 1980884457}
  m_GameObject: {fileID: 1359133644}
  m_Enabled: 1
  m_CastShadows: 1
  m_ReceiveShadows: 1
  m_DynamicOccludee: 1
  m_MotionVectors: 1
  m_LightProbeUsage: 1
  m_ReflectionProbeUsage: 3
  m_RenderingLayerMask: 4294967295
  m_Materials:
  - {fileID: 2100000, guid: abcc3c67b7d0a794f8bb91be4e85abdd, type: 2}
  m_StaticBatchInfo:
    firstSubMesh: 0
    subMeshCount: 0
  m_StaticBatchRoot: {fileID: 0}
  m_ProbeAnchor: {fileID: 0}
  m_LightProbeVolumeOverride: {fileID: 0}
  m_ScaleInLightmap: 1
  m_PreserveUVs: 1
  m_IgnoreNormalsForChartDetection: 0
  m_ImportantGI: 0
  m_StitchLightmapSeams: 0
  m_SelectedEditorRenderState: 3
  m_MinimumChartSize: 4
  m_AutoUVMaxDistance: 0.5
  m_AutoUVMaxAngle: 89
  m_LightmapParameters: {fileID: 0}
  m_SortingLayerID: 0
  m_SortingLayer: 0
  m_SortingOrder: 0
--- !u!64 &1359133647
MeshCollider:
  m_ObjectHideFlags: 0
  m_CorrespondingSourceObject: {fileID: 64592609569433778, guid: 88c20de6c1dc0f04abeaffaac0a9a6cf,
    type: 2}
  m_PrefabInternal: {fileID: 1980884457}
  m_GameObject: {fileID: 1359133644}
  m_Material: {fileID: 0}
  m_IsTrigger: 0
  m_Enabled: 1
  serializedVersion: 3
  m_Convex: 0
  m_CookingOptions: 14
  m_SkinWidth: 0.01
  m_Mesh: {fileID: 10209, guid: 0000000000000000e000000000000000, type: 0}
--- !u!33 &1359133648
MeshFilter:
  m_ObjectHideFlags: 0
  m_CorrespondingSourceObject: {fileID: 33306647192945968, guid: 88c20de6c1dc0f04abeaffaac0a9a6cf,
    type: 2}
  m_PrefabInternal: {fileID: 1980884457}
  m_GameObject: {fileID: 1359133644}
  m_Mesh: {fileID: 10209, guid: 0000000000000000e000000000000000, type: 0}
--- !u!1 &1405932948
GameObject:
  m_ObjectHideFlags: 0
  m_CorrespondingSourceObject: {fileID: 1646325129500086, guid: 88c20de6c1dc0f04abeaffaac0a9a6cf,
    type: 2}
  m_PrefabInternal: {fileID: 1980884457}
  serializedVersion: 6
  m_Component:
  - component: {fileID: 1405932949}
  - component: {fileID: 1405932952}
  - component: {fileID: 1405932951}
  - component: {fileID: 1405932950}
  m_Layer: 9
  m_Name: Cube
  m_TagString: Untagged
  m_Icon: {fileID: 0}
  m_NavMeshLayer: 0
  m_StaticEditorFlags: 4294967295
  m_IsActive: 1
--- !u!4 &1405932949
Transform:
  m_ObjectHideFlags: 0
  m_CorrespondingSourceObject: {fileID: 4585164413535350, guid: 88c20de6c1dc0f04abeaffaac0a9a6cf,
    type: 2}
  m_PrefabInternal: {fileID: 1980884457}
  m_GameObject: {fileID: 1405932948}
  m_LocalRotation: {x: -0, y: -0, z: -0, w: 1}
  m_LocalPosition: {x: 0, y: -0.70000005, z: 0}
  m_LocalScale: {x: 1, y: 1, z: 1}
  m_Children: []
  m_Father: {fileID: 1628471904}
  m_RootOrder: 0
  m_LocalEulerAnglesHint: {x: 0, y: 0, z: 0}
--- !u!23 &1405932950
MeshRenderer:
  m_ObjectHideFlags: 0
  m_CorrespondingSourceObject: {fileID: 23372505803334854, guid: 88c20de6c1dc0f04abeaffaac0a9a6cf,
    type: 2}
  m_PrefabInternal: {fileID: 1980884457}
  m_GameObject: {fileID: 1405932948}
  m_Enabled: 1
  m_CastShadows: 1
  m_ReceiveShadows: 1
  m_DynamicOccludee: 1
  m_MotionVectors: 1
  m_LightProbeUsage: 1
  m_ReflectionProbeUsage: 2
  m_RenderingLayerMask: 4294967295
  m_Materials:
  - {fileID: 2100000, guid: abcc3c67b7d0a794f8bb91be4e85abdd, type: 2}
  m_StaticBatchInfo:
    firstSubMesh: 0
    subMeshCount: 0
  m_StaticBatchRoot: {fileID: 0}
  m_ProbeAnchor: {fileID: 0}
  m_LightProbeVolumeOverride: {fileID: 0}
  m_ScaleInLightmap: 1
  m_PreserveUVs: 1
  m_IgnoreNormalsForChartDetection: 0
  m_ImportantGI: 0
  m_StitchLightmapSeams: 0
  m_SelectedEditorRenderState: 3
  m_MinimumChartSize: 4
  m_AutoUVMaxDistance: 0.5
  m_AutoUVMaxAngle: 89
  m_LightmapParameters: {fileID: 0}
  m_SortingLayerID: 0
  m_SortingLayer: 0
  m_SortingOrder: 0
--- !u!65 &1405932951
BoxCollider:
  m_ObjectHideFlags: 0
  m_CorrespondingSourceObject: {fileID: 65485205355047570, guid: 88c20de6c1dc0f04abeaffaac0a9a6cf,
    type: 2}
  m_PrefabInternal: {fileID: 1980884457}
  m_GameObject: {fileID: 1405932948}
  m_Material: {fileID: 0}
  m_IsTrigger: 0
  m_Enabled: 1
  serializedVersion: 2
  m_Size: {x: 1, y: 1, z: 1}
  m_Center: {x: 0, y: 0, z: 0}
--- !u!33 &1405932952
MeshFilter:
  m_ObjectHideFlags: 0
  m_CorrespondingSourceObject: {fileID: 33235840402209806, guid: 88c20de6c1dc0f04abeaffaac0a9a6cf,
    type: 2}
  m_PrefabInternal: {fileID: 1980884457}
  m_GameObject: {fileID: 1405932948}
  m_Mesh: {fileID: 10202, guid: 0000000000000000e000000000000000, type: 0}
--- !u!1 &1496471733
GameObject:
  m_ObjectHideFlags: 0
  m_CorrespondingSourceObject: {fileID: 1842634361512016, guid: 88c20de6c1dc0f04abeaffaac0a9a6cf,
    type: 2}
  m_PrefabInternal: {fileID: 1980884457}
  serializedVersion: 6
  m_Component:
  - component: {fileID: 1496471734}
  - component: {fileID: 1496471737}
  - component: {fileID: 1496471736}
  - component: {fileID: 1496471735}
  m_Layer: 11
  m_Name: Cube
  m_TagString: Untagged
  m_Icon: {fileID: 0}
  m_NavMeshLayer: 0
  m_StaticEditorFlags: 4294967295
  m_IsActive: 1
--- !u!4 &1496471734
Transform:
  m_ObjectHideFlags: 0
  m_CorrespondingSourceObject: {fileID: 4938538743279590, guid: 88c20de6c1dc0f04abeaffaac0a9a6cf,
    type: 2}
  m_PrefabInternal: {fileID: 1980884457}
  m_GameObject: {fileID: 1496471733}
  m_LocalRotation: {x: -0, y: -0, z: -0, w: 1}
  m_LocalPosition: {x: 0, y: -0.70000005, z: 0}
  m_LocalScale: {x: 1, y: 1, z: 1}
  m_Children: []
  m_Father: {fileID: 1852640551}
  m_RootOrder: 1
  m_LocalEulerAnglesHint: {x: 0, y: 0, z: 0}
--- !u!23 &1496471735
MeshRenderer:
  m_ObjectHideFlags: 0
  m_CorrespondingSourceObject: {fileID: 23931689888316860, guid: 88c20de6c1dc0f04abeaffaac0a9a6cf,
    type: 2}
  m_PrefabInternal: {fileID: 1980884457}
  m_GameObject: {fileID: 1496471733}
  m_Enabled: 1
  m_CastShadows: 1
  m_ReceiveShadows: 1
  m_DynamicOccludee: 1
  m_MotionVectors: 1
  m_LightProbeUsage: 1
  m_ReflectionProbeUsage: 1
  m_RenderingLayerMask: 4294967295
  m_Materials:
  - {fileID: 2100000, guid: eb10b6f571322b443bec8c532c088270, type: 2}
  m_StaticBatchInfo:
    firstSubMesh: 0
    subMeshCount: 0
  m_StaticBatchRoot: {fileID: 0}
  m_ProbeAnchor: {fileID: 0}
  m_LightProbeVolumeOverride: {fileID: 0}
  m_ScaleInLightmap: 1
  m_PreserveUVs: 1
  m_IgnoreNormalsForChartDetection: 0
  m_ImportantGI: 0
  m_StitchLightmapSeams: 0
  m_SelectedEditorRenderState: 3
  m_MinimumChartSize: 4
  m_AutoUVMaxDistance: 0.5
  m_AutoUVMaxAngle: 89
  m_LightmapParameters: {fileID: 0}
  m_SortingLayerID: 0
  m_SortingLayer: 0
  m_SortingOrder: 0
--- !u!65 &1496471736
BoxCollider:
  m_ObjectHideFlags: 0
  m_CorrespondingSourceObject: {fileID: 65918768619148394, guid: 88c20de6c1dc0f04abeaffaac0a9a6cf,
    type: 2}
  m_PrefabInternal: {fileID: 1980884457}
  m_GameObject: {fileID: 1496471733}
  m_Material: {fileID: 0}
  m_IsTrigger: 0
  m_Enabled: 1
  serializedVersion: 2
  m_Size: {x: 1, y: 1, z: 1}
  m_Center: {x: 0, y: 0, z: 0}
--- !u!33 &1496471737
MeshFilter:
  m_ObjectHideFlags: 0
  m_CorrespondingSourceObject: {fileID: 33203118931350252, guid: 88c20de6c1dc0f04abeaffaac0a9a6cf,
    type: 2}
  m_PrefabInternal: {fileID: 1980884457}
  m_GameObject: {fileID: 1496471733}
  m_Mesh: {fileID: 10202, guid: 0000000000000000e000000000000000, type: 0}
--- !u!1 &1628471903
GameObject:
  m_ObjectHideFlags: 0
  m_CorrespondingSourceObject: {fileID: 1781536671759404, guid: 88c20de6c1dc0f04abeaffaac0a9a6cf,
    type: 2}
  m_PrefabInternal: {fileID: 1980884457}
  serializedVersion: 6
  m_Component:
  - component: {fileID: 1628471904}
  - component: {fileID: 1628471907}
  - component: {fileID: 1628471906}
  - component: {fileID: 1628471905}
  m_Layer: 9
  m_Name: Sphere 8/10
  m_TagString: Untagged
  m_Icon: {fileID: 0}
  m_NavMeshLayer: 0
  m_StaticEditorFlags: 4294967295
  m_IsActive: 1
--- !u!4 &1628471904
Transform:
  m_ObjectHideFlags: 0
  m_CorrespondingSourceObject: {fileID: 4352419248395864, guid: 88c20de6c1dc0f04abeaffaac0a9a6cf,
    type: 2}
  m_PrefabInternal: {fileID: 1980884457}
  m_GameObject: {fileID: 1628471903}
  m_LocalRotation: {x: -0, y: -0, z: -0, w: 1}
  m_LocalPosition: {x: -3, y: 1.2, z: 0}
  m_LocalScale: {x: 1, y: 1, z: 1}
  m_Children:
  - {fileID: 1405932949}
  - {fileID: 1257627907}
  m_Father: {fileID: 1320517852}
  m_RootOrder: 1
  m_LocalEulerAnglesHint: {x: 0, y: 0, z: 0}
--- !u!23 &1628471905
MeshRenderer:
  m_ObjectHideFlags: 0
  m_CorrespondingSourceObject: {fileID: 23824224364445998, guid: 88c20de6c1dc0f04abeaffaac0a9a6cf,
    type: 2}
  m_PrefabInternal: {fileID: 1980884457}
  m_GameObject: {fileID: 1628471903}
  m_Enabled: 1
  m_CastShadows: 1
  m_ReceiveShadows: 1
  m_DynamicOccludee: 1
  m_MotionVectors: 1
  m_LightProbeUsage: 1
  m_ReflectionProbeUsage: 2
  m_RenderingLayerMask: 4294967295
  m_Materials:
  - {fileID: 2100000, guid: abcc3c67b7d0a794f8bb91be4e85abdd, type: 2}
  m_StaticBatchInfo:
    firstSubMesh: 0
    subMeshCount: 0
  m_StaticBatchRoot: {fileID: 0}
  m_ProbeAnchor: {fileID: 0}
  m_LightProbeVolumeOverride: {fileID: 0}
  m_ScaleInLightmap: 1
  m_PreserveUVs: 1
  m_IgnoreNormalsForChartDetection: 0
  m_ImportantGI: 0
  m_StitchLightmapSeams: 0
  m_SelectedEditorRenderState: 3
  m_MinimumChartSize: 4
  m_AutoUVMaxDistance: 0.5
  m_AutoUVMaxAngle: 89
  m_LightmapParameters: {fileID: 0}
  m_SortingLayerID: 0
  m_SortingLayer: 0
  m_SortingOrder: 0
--- !u!135 &1628471906
SphereCollider:
  m_ObjectHideFlags: 0
  m_CorrespondingSourceObject: {fileID: 135739201101128418, guid: 88c20de6c1dc0f04abeaffaac0a9a6cf,
    type: 2}
  m_PrefabInternal: {fileID: 1980884457}
  m_GameObject: {fileID: 1628471903}
  m_Material: {fileID: 0}
  m_IsTrigger: 0
  m_Enabled: 1
  serializedVersion: 2
  m_Radius: 0.5
  m_Center: {x: 0, y: 0, z: 0}
--- !u!33 &1628471907
MeshFilter:
  m_ObjectHideFlags: 0
  m_CorrespondingSourceObject: {fileID: 33338442592528420, guid: 88c20de6c1dc0f04abeaffaac0a9a6cf,
    type: 2}
  m_PrefabInternal: {fileID: 1980884457}
  m_GameObject: {fileID: 1628471903}
  m_Mesh: {fileID: 10207, guid: 0000000000000000e000000000000000, type: 0}
--- !u!1 &1852640550
GameObject:
  m_ObjectHideFlags: 0
  m_CorrespondingSourceObject: {fileID: 1819929351950984, guid: 88c20de6c1dc0f04abeaffaac0a9a6cf,
    type: 2}
  m_PrefabInternal: {fileID: 1980884457}
  serializedVersion: 6
  m_Component:
  - component: {fileID: 1852640551}
  - component: {fileID: 1852640554}
  - component: {fileID: 1852640553}
  - component: {fileID: 1852640552}
  m_Layer: 11
  m_Name: Sphere 4/10
  m_TagString: Untagged
  m_Icon: {fileID: 0}
  m_NavMeshLayer: 0
  m_StaticEditorFlags: 4294967295
  m_IsActive: 1
--- !u!4 &1852640551
Transform:
  m_ObjectHideFlags: 0
  m_CorrespondingSourceObject: {fileID: 4021456742739614, guid: 88c20de6c1dc0f04abeaffaac0a9a6cf,
    type: 2}
  m_PrefabInternal: {fileID: 1980884457}
  m_GameObject: {fileID: 1852640550}
  m_LocalRotation: {x: -0, y: -0, z: -0, w: 1}
  m_LocalPosition: {x: 3, y: 1.2, z: 0}
  m_LocalScale: {x: 1, y: 1, z: 1}
  m_Children:
  - {fileID: 497697925}
  - {fileID: 1496471734}
  m_Father: {fileID: 1320517852}
  m_RootOrder: 3
  m_LocalEulerAnglesHint: {x: 0, y: 0, z: 0}
--- !u!23 &1852640552
MeshRenderer:
  m_ObjectHideFlags: 0
  m_CorrespondingSourceObject: {fileID: 23117798575693392, guid: 88c20de6c1dc0f04abeaffaac0a9a6cf,
    type: 2}
  m_PrefabInternal: {fileID: 1980884457}
  m_GameObject: {fileID: 1852640550}
  m_Enabled: 1
  m_CastShadows: 1
  m_ReceiveShadows: 1
  m_DynamicOccludee: 1
  m_MotionVectors: 1
  m_LightProbeUsage: 1
  m_ReflectionProbeUsage: 1
  m_RenderingLayerMask: 4294967295
  m_Materials:
  - {fileID: 2100000, guid: eb10b6f571322b443bec8c532c088270, type: 2}
  m_StaticBatchInfo:
    firstSubMesh: 0
    subMeshCount: 0
  m_StaticBatchRoot: {fileID: 0}
  m_ProbeAnchor: {fileID: 0}
  m_LightProbeVolumeOverride: {fileID: 0}
  m_ScaleInLightmap: 1
  m_PreserveUVs: 1
  m_IgnoreNormalsForChartDetection: 0
  m_ImportantGI: 0
  m_StitchLightmapSeams: 0
  m_SelectedEditorRenderState: 3
  m_MinimumChartSize: 4
  m_AutoUVMaxDistance: 0.5
  m_AutoUVMaxAngle: 89
  m_LightmapParameters: {fileID: 0}
  m_SortingLayerID: 0
  m_SortingLayer: 0
  m_SortingOrder: 0
--- !u!135 &1852640553
SphereCollider:
  m_ObjectHideFlags: 0
  m_CorrespondingSourceObject: {fileID: 135371467963733446, guid: 88c20de6c1dc0f04abeaffaac0a9a6cf,
    type: 2}
  m_PrefabInternal: {fileID: 1980884457}
  m_GameObject: {fileID: 1852640550}
  m_Material: {fileID: 0}
  m_IsTrigger: 0
  m_Enabled: 1
  serializedVersion: 2
  m_Radius: 0.5
  m_Center: {x: 0, y: 0, z: 0}
--- !u!33 &1852640554
MeshFilter:
  m_ObjectHideFlags: 0
  m_CorrespondingSourceObject: {fileID: 33890392107062636, guid: 88c20de6c1dc0f04abeaffaac0a9a6cf,
    type: 2}
  m_PrefabInternal: {fileID: 1980884457}
  m_GameObject: {fileID: 1852640550}
  m_Mesh: {fileID: 10207, guid: 0000000000000000e000000000000000, type: 0}
--- !u!1001 &1980884457
Prefab:
  m_ObjectHideFlags: 0
  serializedVersion: 2
  m_Modification:
    m_TransformParent: {fileID: 0}
    m_Modifications:
    - target: {fileID: 4934344442018756, guid: 88c20de6c1dc0f04abeaffaac0a9a6cf, type: 2}
      propertyPath: m_LocalPosition.x
      value: 0
      objectReference: {fileID: 0}
    - target: {fileID: 4934344442018756, guid: 88c20de6c1dc0f04abeaffaac0a9a6cf, type: 2}
      propertyPath: m_LocalPosition.y
      value: 0
      objectReference: {fileID: 0}
    - target: {fileID: 4934344442018756, guid: 88c20de6c1dc0f04abeaffaac0a9a6cf, type: 2}
      propertyPath: m_LocalPosition.z
      value: 0
      objectReference: {fileID: 0}
    - target: {fileID: 4934344442018756, guid: 88c20de6c1dc0f04abeaffaac0a9a6cf, type: 2}
      propertyPath: m_LocalRotation.x
      value: 0
      objectReference: {fileID: 0}
    - target: {fileID: 4934344442018756, guid: 88c20de6c1dc0f04abeaffaac0a9a6cf, type: 2}
      propertyPath: m_LocalRotation.y
      value: 0
      objectReference: {fileID: 0}
    - target: {fileID: 4934344442018756, guid: 88c20de6c1dc0f04abeaffaac0a9a6cf, type: 2}
      propertyPath: m_LocalRotation.z
      value: 0
      objectReference: {fileID: 0}
    - target: {fileID: 4934344442018756, guid: 88c20de6c1dc0f04abeaffaac0a9a6cf, type: 2}
      propertyPath: m_LocalRotation.w
      value: 1
      objectReference: {fileID: 0}
    - target: {fileID: 4934344442018756, guid: 88c20de6c1dc0f04abeaffaac0a9a6cf, type: 2}
      propertyPath: m_RootOrder
      value: 1
      objectReference: {fileID: 0}
    - target: {fileID: 1858630756550008, guid: 88c20de6c1dc0f04abeaffaac0a9a6cf, type: 2}
      propertyPath: m_IsActive
      value: 0
      objectReference: {fileID: 0}
    - target: {fileID: 215772291181534534, guid: 88c20de6c1dc0f04abeaffaac0a9a6cf,
        type: 2}
      propertyPath: m_Enabled
      value: 0
      objectReference: {fileID: 0}
    - target: {fileID: 1207948963076162, guid: 88c20de6c1dc0f04abeaffaac0a9a6cf, type: 2}
      propertyPath: m_IsActive
      value: 1
      objectReference: {fileID: 0}
    - target: {fileID: 1653700269310046, guid: 88c20de6c1dc0f04abeaffaac0a9a6cf, type: 2}
      propertyPath: m_IsActive
      value: 1
      objectReference: {fileID: 0}
    - target: {fileID: 1425739068514518, guid: 88c20de6c1dc0f04abeaffaac0a9a6cf, type: 2}
      propertyPath: m_IsActive
      value: 1
      objectReference: {fileID: 0}
    - target: {fileID: 1034026176227000, guid: 88c20de6c1dc0f04abeaffaac0a9a6cf, type: 2}
      propertyPath: m_IsActive
      value: 1
      objectReference: {fileID: 0}
    m_RemovedComponents: []
  m_SourcePrefab: {fileID: 100100000, guid: 88c20de6c1dc0f04abeaffaac0a9a6cf, type: 2}
  m_RootGameObject: {fileID: 1320517851}
  m_IsPrefabAsset: 0
--- !u!1 &1988166291
GameObject:
  m_ObjectHideFlags: 0
  m_CorrespondingSourceObject: {fileID: 1425739068514518, guid: 88c20de6c1dc0f04abeaffaac0a9a6cf,
    type: 2}
  m_PrefabInternal: {fileID: 1980884457}
  serializedVersion: 6
  m_Component:
  - component: {fileID: 1988166292}
  - component: {fileID: 1988166293}
  m_Layer: 0
  m_Name: Reflection Probe
  m_TagString: Untagged
  m_Icon: {fileID: 0}
  m_NavMeshLayer: 0
  m_StaticEditorFlags: 0
  m_IsActive: 1
--- !u!4 &1988166292
Transform:
  m_ObjectHideFlags: 0
  m_CorrespondingSourceObject: {fileID: 4123922415482610, guid: 88c20de6c1dc0f04abeaffaac0a9a6cf,
    type: 2}
  m_PrefabInternal: {fileID: 1980884457}
  m_GameObject: {fileID: 1988166291}
  m_LocalRotation: {x: -0, y: -0, z: -0, w: 1}
  m_LocalPosition: {x: 0, y: 0.06317496, z: 0}
  m_LocalScale: {x: 1, y: 1, z: 1}
  m_Children: []
  m_Father: {fileID: 1129580963}
  m_RootOrder: 0
  m_LocalEulerAnglesHint: {x: 0, y: 0, z: 0}
--- !u!215 &1988166293
ReflectionProbe:
  m_ObjectHideFlags: 0
  m_CorrespondingSourceObject: {fileID: 215273260888228516, guid: 88c20de6c1dc0f04abeaffaac0a9a6cf,
    type: 2}
  m_PrefabInternal: {fileID: 1980884457}
  m_GameObject: {fileID: 1988166291}
  m_Enabled: 1
  serializedVersion: 2
  m_Type: 0
  m_Mode: 1
  m_RefreshMode: 0
  m_TimeSlicingMode: 0
  m_Resolution: 512
  m_UpdateFrequency: 0
  m_BoxSize: {x: 2.1821249, y: 2.8331733, z: 2.4755678}
  m_BoxOffset: {x: -0.06899154, y: 0.07383835, z: -0.23206663}
  m_NearClip: 0.3
  m_FarClip: 1000
  m_ShadowDistance: 100
  m_ClearFlags: 1
  m_BackGroundColor: {r: 0.19215687, g: 0.3019608, b: 0.4745098, a: 0}
  m_CullingMask:
    serializedVersion: 2
    m_Bits: 4294967039
  m_IntensityMultiplier: 1
  m_BlendDistance: 1
  m_HDR: 1
  m_BoxProjection: 0
  m_RenderDynamicObjects: 1
  m_UseOcclusionCulling: 1
  m_Importance: 1
  m_CustomBakedTexture: {fileID: 0}
